@inproceedings{hafner2019dreamer,
  author    = {Danijar Hafner and others},
  title     = {Dream to Control: Learning Behaviors by Latent Imagination},
  booktitle = {International Conference on Learning Representations (ICLR)},
  year      = {2020}
}

@inproceedings{delfosse2024ocatariobjectcentricatari2600,
      title={OCAtari: Object-Centric Atari 2600 Reinforcement Learning Environments}, 
      author={Quentin Delfosse and Jannis Bl√ºml and Bjarne Gregori and Sebastian Sztwiertnia and Kristian Kersting},
      year={2024},
      eprint={2306.08649},
      archivePrefix={arXiv},
      primaryClass={cs.LG},
      url={https://arxiv.org/abs/2306.08649}, 
}